% Encoding: UTF-8

@inbook{morinclassical,
  title     = {Introduction to Classical Mechanics: With Problems and Solutions},
  author    = {David J. Morin},
  year      = {2008},
  publisher = {Cambridge University Press},
  pages = {371 - 414},
}

@article{apsidalcalc,
  author = {L.Barbieri, F.Talamucci},
  title  = {Calculation of Apsidal Precession via Perturbation Theory},
  year   = {2018},
}

@article{srbisols,
  title = {Three Classes of Newtonian Three-Body Planar Periodic Orbits},
  author = {Šuvakov, Milovan and Dmitrašinović, V.},
  journal = {Phys. Rev. Lett.},
  volume = {110},
  issue = {11},
  pages = {114301},
  numpages = {4},
  year = {2013},
  publisher = {American Physical Society},
}

@misc{podatoci,
  title = {Planetary Fact Sheet},
  author = {David R. Williams},
  url = {https://nssdc.gsfc.nasa.gov/planetary/factsheet/},
  year = {2018},
  note = {[accessed 23 May 2019]}
}